@ARTICLE{Mohr_arxiv2015,
   author = {{Mohr}, P.~J. and {Newell}, D.~B. and {Taylor}, B.~N.},
    title = {CODATA Recommended Values of the Fundamental Physical Constants: 2014},
  journal = {ArXiv e-prints},
archivePrefix = "arXiv",
   eprint = {1507.07956},
 primaryClass = "physics.atom-ph",
 keywords = {Physics - Atomic Physics, Physics - Chemical Physics, Physics - Data Analysis, Statistics and Probability},
     year = {2015},
    month = {jul},
   adsurl = {http://adsabs.harvard.edu/abs/2015arXiv150707956M},
  adsnote = {Provided by the SAO/NASA Astrophysics Data System}
}
